@article{mcdowell1989debugging,
  title={Debugging concurrent programs},
  author={McDowell, Charles E and Helmbold, David P},
  journal={ACM Computing Surveys (CSUR)},
  volume={21},
  number={4},
  pages={593--622},
  year={1989},
  publisher={ACM},
}

@inproceedings{park2010falcon,
  title={Falcon: fault localization in concurrent programs},
  author={Park, Sangmin and Vuduc, Richard W and Harrold, Mary Jean},
  booktitle={Proceedings of the 32nd ACM/IEEE International Conference on Software Engineering-Volume 1},
  pages={245--254},
  year={2010},
  organization={ACM},
}

@unpublished{CORE,
  author =       {Deepal Jayasinghe and Xiong Pengcheng},
  title =        {CORE: Visualization tool for fault localization in concurrent programs},
  year =         {2010},
  month =        jan,
}


@inproceedings{godefroid2008concurrency,
  title={Concurrency at Microsoft--An exploratory survey},
  author={Godefroid, Patrice and Nagappan, Nachiappan},
  booktitle={CAV Workshop on Exploiting Concurrency Efficiently and Correctly},
  year={2008},
}

@article{wong2009survey,
  title={A survey of software fault localization},
  author={Wong, W Eric and Debroy, Vidroha},
  journal={University of Texas at Dallas, Tech. Rep. UTDCS-45-09},
  year={2009},
}

@phdthesis{halpert2008static,
  title={Static lock allocation},
  author={Halpert, Richard L},
  year={2008},
  address={Montreal},
  school={McGill University},
}

@article{RecPlay,
 author = {Ronsse, Michiel and De Bosschere, Koen},
 title = {RecPlay: a fully integrated practical record/replay system},
 journal = {ACM Trans. Comput. Syst.},
 issue_date = {May 1999},
 volume = {17},
 number = {2},
 month = may,
 year = {1999},
 issn = {0734-2071},
 pages = {133--152},
}

@article{AVIO,
 author = {Lu, Shan and Tucek, Joseph and Qin, Feng and Zhou, Yuanyuan},
 title = {AVIO: detecting atomicity violations via access interleaving invariants},
 journal = {SIGPLAN Not.},
 issue_date = {November 2006},
 volume = {41},
 number = {11},
 month = oct,
 year = {2006},
 pages = {37--48},
}

@MASTERSTHESIS{jnuthesis1,
  author =       {苟长弘},
  title =        {Soot框架及Java变量分析},
  school =       {暨南大学},
  address =      {广州},
  year =         {2011},
}

@MASTERSTHESIS{jnuthesis2,
  author =       {杨航},
  title =        {Soot工具及其程序分析实例研究},
  school =       {暨南大学},
  address =      {广州},
  year =         {2011},
}

@BOOK{SWT,
  author =       {那静},
  title =        {Eclipse SWT/JFace核心应用},
  ADDRESS =      {北京},
  publisher =    {清华大学出版社},
  year =         {2007},
  language = {Chinese},
}

@ARTICLE{LiMVC,
  title={MVC模式架构的应用研究},
  author={李海峰},
  journal={小型微型计算机系统},
  year={2013},
  volume = {1},
  language = {Chinese},
}

@ARTICLE{Instrument,
  title={基于程序插装的动态测试技术实现},
  author={孙昌爱 and 金茂忠},
  journal={自动化与仪器仪表},
  year={2001},
  volume = {22},
  number = {12},
  language = {Chinese},
}

@ARTICLE{eytani2007towards,
  title={Towards a framework and a benchmark for testing tools for multi-threaded programs},
  author={Eytani, Yaniv and Havelund, Klaus and Stoller, Scott D and Ur, Shmuel},
  journal={Concurrency and Computation: Practice and Experience},
  volume={19},
  number={3},
  pages={267--279},
  year={2007},
  publisher={Wiley Online Library},
}

@MISC{xstream,
  author =       {Wikipedia},
  title =        {XStream},
  url  = {http://zh.wikipedia.org/wiki/XStream},
  TypeofLit = {OL},
  language = {Chinese},
}

@MISC{xstream_ibm,
  author =       {Rajiv Bangalore},
  title =        {使用 XStream 把 Java 对象序列化为 XML},
  url  = {http://www.ibm.com/developerworks/cn/xml/x-xstream/},
  TypeofLit = {OL},
  language = {Chinese},
}

@MISC{swt_wiki,
  author =       {Wikipedia},
  title =        {XStream},
  url  = {http://zh.wikipedia.org/zh-cn/SWT},
  TypeofLit = {OL},
  language = {Chinese},
}

@MISC{threadlocal,
    author = {XiaoFeng Li},
    title =  {What is thread local data?},
    url = {http://xiao-feng.blogspot.com},
    TypeofLit = {OL},
}

@MISC{threadescape,
    author = {XiaoFeng Li},
    title =  {What is thread escape analysis?},
    url = {http://xiao-feng.blogspot.com},
    TypeofLit = {OL},
}
